@misc{microservice_uber, 
title = {Introducing Domain-Oriented Microservice Architecture},
howpublished = {\url{https://eng.uber.com/microservice-architecture}},
note = {Accessed: 2021-06-02}
}


@misc{availability, 
title = {Wikipedia, Availability},
howpublished = {\url{https://en.wikipedia.org/wiki/Availability}},
note = {Accessed: 2021-06-02}
}


@misc{uber_kafka, 
title = {Apache Kafka at Uber},
howpublished = {\url{https://eng.uber.com/kafka/}},
note = {Accessed: 2021-06-02}
}


@inproceedings{ataie2011improving,
  title={Improving Software Quality by Pattern Driven Software Architecture},
  author={Ataie, Ehsan and Babaeian, Marzieh and Aghaei, Fatemeh},
  booktitle={5th Symposium on Advance in Science \& Technologies},
  year={2011}
}

@article{sudmanns2018semantic,
  title={Semantic and syntactic interoperability in online processing of big Earth observation data},
  author={Sudmanns, Martin and Tiede, Dirk and Lang, Stefan and Baraldi, Andrea},
  journal={International journal of digital earth},
  volume={11},
  number={1},
  pages={95--112},
  year={2018},
  publisher={Taylor \& Francis}
}


@misc{interoperability_with_google_maps, 
title = {StarNavPilot, Navigation software},
howpublished = {\url{https://www.aragon-technologies.com/en/starnavpilot/interoperability_with_google_maps.php}},
note = {Accessed: 2021-06-02}
}

@misc{payment, 
title = {Interoperability and the Digital Payment Ecosystem},
howpublished = {\url{https://valid.com/digital-payment-ecosystem}},
note = {Accessed: 2021-06-02}
}

@misc{waze_gis, 
title = {Integrating Waze with ArcGIS},
howpublished = {\url{https://working-with-waze.hub.arcgis.com/}},
note = {Accessed: 2021-06-02}
}

@misc{parkwhiz_sensors, 
title = {The Technological Race to Find You a Place to Park},
howpublished = {\url{https://www.nytimes.com/2017/11/30/business/car-parking-apps.html}},
note = {Accessed: 2021-06-02}
}



 
